

@article{Ellison-1985,
	title        = {Michael Banton, Racial and Ethnic Competition (Book Review)},
	author       = {Ellison, Mary},
	year         = 1985,
	month        = 08,
	journal      = {Journal of American Studies},
	volume       = 19,
	number       = 2,
	pages        = {303--303},
	doi          = {10.1017/S0021875800012391},
	issn         = {0021-8758, 1469-5154},
	url          = {https://www.cambridge.org/core/product/identifier/S0021875800012391/type/journal_article}
}

% this bib entry is not reformatted to make it
% tidy but to do that, go to
% https://flamingtempura.github.io/bibtex-tidy/index.html

 @book{Banton-1983, address={Cambridgeâ€¯; New York}, series={Comparative ethnic and race relations series}, title={Racial and ethnic competition}, ISBN={9780521254632}, callNumber={GN496 .B36 1983}, publisher={Cambridge University Press}, author={Banton, Michael}, year={1983}, collection={Comparative ethnic and race relations series} }
